@techreport{gonzalez2010,
  author      = {González, E. B. and Navarro, M. I. D.},
  title       = {Gestor de máquinas virtuales},
  institution = {Universidad de Mendoza, Facultad de Ingeniería},
  address     = {Mendoza, Argentina},
  year        = {2010}
}

@online{ibmvm,
  author    = {Susnjara, S. and Smalley, I.},
  title     = {Máquinas virtuales},
  year      = {2025},
  month     = {5},
  day       = {7},
  url       = {https://www.ibm.com/mx-es/think/topics/virtual-machines},
  urldate   = {2025-09-19},
  organization = {IBM}
}

@online{gnuorg,
    author = {Free Software Fundation Inc.},
    title = {GNU Project},
    urldate = {2025-09-08},
    organization = {Free Software Foundation, Inc.},
    note = {https://www.gnu.org/}
}

@online{cna2023,
  author    = {{ComputerNewAge}},
  title     = {GNU/Linux. Las distribuciones},
  year      = {2023},
  month     = {3},
  day       = {19},
  url       = {https://computernewage.com/gnu-linux/distribuciones/},
  urldate   = {2025-09-19}
}

@online{softzone2025,
  author    = {Velasco, R.},
  title     = {Requisitos necesarios para instalar Ubuntu, Linux Mint y más},
  year      = {2025},
  month     = {4},
  day       = {7},
  url       = {https://www.softzone.es/noticias/open-source/requisitos-instalar-linux/#809331-que-necesito-para-instalar-ubuntu},
  urldate   = {2025-09-19},
  organization = {SoftZone}
}

@online{muylinux2024,
  author    = {Medina, E.},
  title     = {La cuota de uso de Linux marca un nuevo hito},
  year      = {2024},
  month     = {8},
  day       = {2},
  url       = {https://www.muylinux.com/2024/08/02/statcounter-cuota-linux/},
  urldate   = {2025-09-19},
  organization = {MuyLinux}
}

@online{electroiq2025,
  author    = {Dey, M.},
  title     = {Linux Statistics by market, usage, website traffic and Facts (2025)},
  year      = {2025},
  month     = {9},
  day       = {9},
  url       = {https://electroiq.com/stats/linux-statistics/},
  urldate   = {2025-09-19},
  organization = {Electro IQ}
}

@online{sromeroEscritorios,
  author     = {Romero, S.},
  title      = {¿Qué son los Entornos de Escritorio?},
  year       = {2025},
  url        = {https://www.sromero.org/wiki/linux/linux_ubuntu/tipos_de_linux#que_son_escritorios},
  urldate    = {2025-09-19},
  organization = {sromero.org}
}

@mastersthesis{claro2017,
  author       = {Claro Andrade, J.},
  title        = {Módulo de un cortafuegos en el centro de control de GNOME 3.20.1 para la distribución cubana GNU/Linux Nova Escritorio 6.0},
  school       = {Universidad de las Ciencias Informáticas, Facultad 1},
  year         = {2017},
  type         = {Bachelor's thesis},
  address      = {Cuba}
}

@online{arsys2024cli,
  author       = {Garc{\'\i}a de Z{\'u}{\~n}iga, Fern{\'a}n},
  title        = {Qu{\'e} es una CLI o Interfaz de L{\'\i}nea de Comandos},
  organization = {Arsys},
  year         = {2024},
  month        = {10},
  day          = {28},
  url          = {https://www.arsys.es/blog/que-es-una-cli-o-interfaz-de-linea-de-comandos},
  urldate      = {2025-09-19}
}

@online{uocGUI,
  author       = {Universitat Oberta de Catalunya},
  title        = {Graphical User Interface (GUI)},
  organization = {Design Toolkit · Universitat Oberta de Catalunya},
  year         = {2025},
  url          = {https://design-toolkit.recursos.uoc.edu/es/graphical-user-interface/},
  urldate      = {2025-09-19}
}

@article{isernIntroLinux,
  author    = {Isern, G. F. and Vila, J. C. and Olasagarre, M. B. H. and Blanco, E.},
  title     = {Introducción a los entornos de trabajo Gnu/Linux},
  year      = {2023},
  month     = {11},
  url       = {https://eines-informatiques.recursos.uoc.edu/wp-content/uploads/sites/5/2023/11/Introduccion_a-los-entornos_de-trabajo-GnuLinux.pdf},
  urldate   = {2024-01-20},
  type      = {Guía docente},
  institution = {Universitat Oberta de Catalunya},
}

@online{educaticaGestionUsuarios,
  author       = {Educatica},
  title        = {Gestión de usuarios y grupos},
  year         = {2025},
  url          = {https://www.educatica.es/sistemas-operativos/gnu-linux/trabajando-con-la-shell-de-gnu-linux/comandos-de-gnu-linux-bash/gestion-de-usuarios/},
  urldate      = {2025-09-19},
  organization = {Educatica}
}

@online{tutorialspointPaths,
  author    = {TutorialsPoint},
  title     = {Linux - File System Basics},
  year      = {2023},
  url       = {https://www.tutorialspoint.com/unix/unix-file-system.htm},
  urldate   = {2025-09-21},
  organization = {TutorialsPoint}
}

@online{geeksforgeeksAbsoluteRelative,
  author    = {GeeksforGeeks},
  title     = {Absolute Path vs Relative Path in Linux},
  year      = {2023},
  url       = {https://www.geeksforgeeks.org/absolute-path-vs-relative-path-in-linux/},
  urldate   = {2025-09-21},
  organization = {GeeksforGeeks}
}

@online{gnuRedirection,
  author    = {GNU Project},
  title     = {Redirections - GNU Bash Manual},
  year      = {2023},
  url       = {https://www.gnu.org/software/bash/manual/html_node/Redirections.html},
  urldate   = {2025-09-21},
  organization = {GNU}
}

@online{linuxCommandsClassification,
  author    = {Linuxize},
  title     = {Basic Linux Commands},
  year      = {2024},
  url       = {https://linuxize.com/post/basic-linux-commands/},
  urldate   = {2025-09-21},
  organization = {Linuxize}
}

@online{redhatEnvVariables,
  author    = {Red Hat},
  title     = {What are environment variables in Linux?},
  year      = {2024},
  url       = {https://www.redhat.com/sysadmin/linux-environment-variables},
  urldate   = {2025-09-21},
  organization = {Red Hat}
}

@online{gnuLinuxCommands,
  author    = {GNU Project},
  title     = {List of GNU/Linux Commands},
  year      = {2023},
  url       = {https://www.gnu.org/software/coreutils/manual/html_node/index.html},
  urldate   = {2025-09-21},
  organization = {GNU}
}

@online{Roger_operativos,
  author    = {Roger Baig Viñas},
  title     = {Sistema operativo GNU/Linux básico: software libre},
  year      = {2003},
  url       = {https://antares.sip.ucm.es/luis/sw05-06/libre_m2_baja.pdf},
  urldate   = {2025-09-19},
  note      = {Libro electrónico, Universidad Complutense de Madrid},
  ISBN      = {8497880285, 9788497880282}
}

@online{Ubuntu_Gnome,
  author    = {Nitish Singh},
  title     = {GNOME vs. KDE: Elija sabiamente su entorno de escritorio Linux},
  year      = {2024},
  url       = {https://geekflare.com/es/gnome-vs-kde},
  urldate   = {2025-09-20},
}

@online{Ubuntu_KDE,
  author    = {Niccolò Venerandi, Carl Schwan, y Paul Brown},
  title     = {Plasma 5.22},
  year      = {2021},
  url       = {https://kde.org/es/announcements/plasma/5/5.22.0},
  urldate   = {2025-09-20},
}

@online{Manuel_Linux,
  author       = {Manuel Santos González},
  title        = {Curso de Linux},
  year         = {2004},
  url          = {https://elhacker.info/manuales/Sistemas%20Operativos/Linux/Curso%20Linux.pdf},
  note         = {Accedido: 2025-09-20},
  organization = {CAP de Torrejón de Ardoz}
}

@online{Graphic_Command,
  author    = {Oriol Farell},
  title     = {GNU/Linux. El Entorno Gráfico},
  year      = {2021},
  url       = {https://computernewage.com/gnu-linux/entorno-grafico},
  urldate   = {2025-09-20}
}

@book{tanenbaum,
  author    = {Andrew S. Tanenbaum},
  title     = {Sistemas Operativos Modernos},
  publisher = {Pearson Educación},
  year      = {2009},
  edition   = {3rd},
  isbn      = {978-607-442-046-3}
}

@book{stevens2005,
  author    = {Stevens, W. Richard and Rago, Stephen A.},
  title     = {Advanced Programming in the UNIX Environment},
  publisher = {Addison-Wesley Professional},
  year      = {2005},
  edition   = {2nd},
  isbn      = {978-0-201-43307-4},
  series    = {Addison-Wesley Professional Computing Series}
}

@online{Terminal_Linux,
  author    = {davidochobits},
  title     = {Personaliza la terminal de GNU Linux},
  year      = {2019},
  url       = {https://www.ochobitshacenunbyte.com/2019/02/28/personalizando-la-terminal-de-gnu-linux},
  urldate   = {2025-09-20},
}

@software{gh0stzk2024,
  author    = {gh0stzk},
  title     = {dotfiles: My dotfiles configuration},
  year      = {2024},
  url       = {https://github.com/gh0stzk/dotfiles},
  urldate   = {2024-01-20},
  version   = {Latest commit},
  note      = {Repositorio de configuración dotfiles para entornos Linux}
}

@online{archwiki2024,
  author    = {{Arch Linux Community}},
  title     = {Archinstall: Official Arch Linux installation guide},
  year      = {2024},
  url       = {https://wiki.archlinux.org/title/Archinstall},
  urldate   = {2024-01-20},
  note      = {Guía oficial de instalación de Arch Linux usando Archinstall}
}

@book{shotts2019,
  author       = {William Shotts},
  title        = {The Linux Command Line: A Complete Introduction},
  publisher    = {No Starch Press},
  year         = {2019},
  edition      = {2nd}
}